@ONLINE{Neuschwander2014,
  author = {Neuschwander, Jürgen AND Düsterhöft, Sabine},
  year = {2014},
  title = {{IT-Sicherheitsarchitekturen Aufgabenstellung zum Praktikum}},
  note = {\url{http://www-home.htwg-konstanz.de/~neuschwa/Anleitung_IT-SEC_Praktikum_SS14_SD-JN.pdf}},
  timestamp = {2014.06.25}
}
@ONLINE{OpenVPN,
  author = {{OpenVPN Technologies, Inc}},
  year = {2014},
  title = {HOWTO},
  note = {\url{https://openvpn.net/index.php/open-source/documentation/howto.html}},
  timestamp = {2014.06.29}
}

